<record><leader>00000cas a22000007a 4500</leader><controlfield tag="001">1607803</controlfield><controlfield tag="008">750907d19351957mnuwr ne      0    0eng d</controlfield><controlfield tag="009">501</controlfield><datafield ind1=" " ind2=" " tag="010"><subfield code="a">sn 89064847 </subfield></datafield><datafield ind1=" " ind2=" " tag="040"><subfield code="a">MUL</subfield><subfield code="b">eng</subfield><subfield code="c">MUL</subfield><subfield code="d">MN#</subfield><subfield code="d">OCLCQ</subfield></datafield><datafield ind1="1" ind2=" " tag="029"><subfield code="a">AU@</subfield><subfield code="b">000025863363</subfield></datafield><datafield ind1=" " ind2=" " tag="042"><subfield code="a">msc</subfield></datafield><datafield ind1=" " ind2=" " tag="043"><subfield code="a">n-us-mn</subfield></datafield><datafield ind1=" " ind2=" " tag="052"><subfield code="a">4144</subfield><subfield code="b">V45</subfield></datafield><datafield ind1=" " ind2=" " tag="052"><subfield code="a">4143</subfield><subfield code="b">R4</subfield></datafield><datafield ind1="0" ind2=" " tag="130"><subfield code="a">Vision (Vesta, Minn.)</subfield></datafield><datafield ind1="0" ind2="4" tag="245"><subfield code="a">The vision.</subfield></datafield><datafield ind1=" " ind2=" " tag="260"><subfield code="a">Vesta, Redwood County, Minn. :</subfield><subfield code="b">W.S. Southmayd,</subfield><subfield code="c">1935-1957.</subfield></datafield><datafield ind1=" " ind2=" " tag="300"><subfield code="a">28 v.</subfield></datafield><datafield ind1=" " ind2=" " tag="310"><subfield code="a">Weekly</subfield></datafield><datafield ind1="0" ind2=" " tag="362"><subfield code="a">Vol. 29, no. 45 (Apr. 4, 1935)-v. 56, no. 8 (July 25, 1957).</subfield></datafield><datafield ind1=" " ind2=" " tag="530"><subfield code="a">Available on microfilm from the Minnesota Historical Society.</subfield></datafield><datafield ind1=" " ind2="0" tag="651"><subfield code="a">Vesta (Minn.)</subfield><subfield code="v">Newspapers.</subfield></datafield><datafield ind1=" " ind2=" " tag="752"><subfield code="a">United States</subfield><subfield code="b">Minnesota</subfield><subfield code="c">Redwood</subfield><subfield code="d">Vesta.</subfield></datafield><datafield ind1="0" ind2="0" tag="780"><subfield code="t">Milroy echo</subfield><subfield code="w">(DLC)sn 89064836</subfield></datafield></record>